% This file was created with JabRef 2.10.
% Encoding: UTF-8


@Misc{tut,
  Title                    = {Available Tutorials
Internet of Things (2IMN15) 2016-2017},

  Author                   = {Eindhoven University of Technology, Leila F. Rahman},
  HowPublished             = {Course website},

  Owner                    = {snorriste},
  Timestamp                = {2017.01.19},
  Url                      = {https://www.win.tue.nl/~lrahman/iot_2016/tutorial/}
}

@Misc{slides,
  Title                    = {IoT Practical Office Lighting System - TUe},

  Author                   = {Leila F. Rahman},
  HowPublished             = {Course Slides},
  Month                    = {December},
  Year                     = {2016},

  Owner                    = {snorriste},
  Timestamp                = {2017.01.18},
  Url                      = {https://www.win.tue.nl/~johanl/educ/2IMN15/20161208%20-%20IoT%20Practical.pdf}
}

