% This file was created with JabRef 2.10.
% Encoding: UTF-8


@Misc{homekit,
  Title                    = {The Smart Home Just Got Smarter},

  Author                   = {Apple},
  Year                     = {2016},

  Url                      = {www.apple.com/ios/home/}
}

@Misc{tls,
  Title                    = {Transport Layer Security Issues},

  Author                   = {Adrian Pisarczyk - Symantec Employee},

  Url                      = {https://www.symantec.com/connect/blogs/transport-layer-security-issues}
}

@Misc{nest,
  Title                    = {Nest is home},

  Author                   = {Google Nest},
  Year                     = {2016},

  Url                      = {https://nest.com/}
}

