% This file was created with JabRef 2.10.
% Encoding: UTF-8


@Misc{init,
  Title                    = {Services and Modeling for Embedded Software Development},

  Author                   = {Embecosm},

  Owner                    = {snorriste},
  Timestamp                = {2017.02.21},
  Url                      = {http://www.embecosm.com/appnotes/ean9/html/ch05s02.html}
}

